@article{kim2004fractional,
  title={Fractional hot deck imputation},
  author={Kim, Jae Kwang and Fuller, Wayne},
  journal={Biometrika},
  volume={91},
  number={3},
  pages={559--578},
  year={2004},
  publisher={Oxford University Press}
}
@article{andridge2009use,
  title={The use of sample weights in hot deck imputation},
  author={Andridge, Rebecca R and Little, Roderick J},
  journal={Journal of Official Statistics},
  volume={25},
  number={1},
  pages={21},
  year={2009}
}
@article{andridge2010review,
  title={A review of hot deck imputation for survey non-response},
  author={Andridge, Rebecca R and Little, Roderick JA},
  journal={International statistical review},
  volume={78},
  number={1},
  pages={40--64},
  year={2010},
  publisher={Wiley Online Library}
}
@article{yang2018integration,
  title={Integration of survey data and big observational data for finite population inference using mass imputation},
  author={Yang, Shu and Kim, Jae Kwang},
  journal={arXiv preprint arXiv:1807.02817},
  year={2018}
}

